
@article{debolt2020robust,
  title={Robust data and power in infant research: A case study of the effect of number of infants and number of trials in visual preference procedures},
  author={DeBolt, Michaela C and Rhemtulla, Mijke and Oakes, Lisa M},
  journal={Infancy},
  volume={25},
  number={4},
  pages={393--419},
  year={2020},
  publisher={Wiley Online Library}
}

@article{davis2019overview,
  title={An overview of issues in infant and developmental research for the creation of robust and replicable science},
  author={Davis-Kean, Pamela E and Ellis, Alexa},
  journal={Infant Behavior and Development},
  volume={57},
  pages={101339},
  year={2019},
  publisher={Elsevier}
}

@article{flake2020measurement,
  title={Measurement schmeasurement: Questionable measurement practices and how to avoid them},
  author={Flake, Jessica Kay and Fried, Eiko I},
  journal={Advances in Methods and Practices in Psychological Science},
  volume={3},
  number={4},
  pages={456--465},
  year={2020},
  publisher={Sage Publications Sage CA: Los Angeles, CA}
}

@article{fried2018measurement,
  title={Measurement matters},
  author={Fried, Eiko I and Flake, Jessica K},
  journal={APS Observer},
  volume={31},
  number={3},
  year={2018}
}

@article{kidd2018individual,
  title={Individual differences in language acquisition and processing},
  author={Kidd, Evan and Donnelly, Seamus and Christiansen, Morten H},
  journal={Trends in Cognitive Sciences},
  volume={22},
  number={2},
  pages={154--169},
  year={2018},
  publisher={Elsevier}
}

@article{underwood1975individual,
  title={Individual differences as a crucible in theory construction.},
  author={Underwood, Benton J},
  journal={American Psychologist},
  volume={30},
  number={2},
  pages={128},
  year={1975},
  publisher={American Psychological Association}
}

@article{wellman2004scaling,
  title={Scaling of theory-of-mind tasks},
  author={Wellman, Henry M and Liu, David},
  journal={Child Development},
  volume={75},
  number={2},
  pages={523--541},
  year={2004},
  publisher={Wiley Online Library}
}


@article{frank2016using,
  title={Using tablets to collect data from young children},
  author={Frank, Michael C and Sugarman, Elise and Horowitz, Alexandra C and Lewis, Molly L and Yurovsky, Daniel},
  journal={Journal of Cognition and Development},
  volume={17},
  number={1},
  pages={1--17},
  year={2016},
  publisher={Taylor \& Francis}
}


@article{hedge2018reliability,
  title={The reliability paradox: Why robust cognitive tasks do not produce reliable individual differences},
  author={Hedge, Craig and Powell, Georgina and Sumner, Petroc},
  journal={Behavior research methods},
  volume={50},
  number={3},
  pages={1166--1186},
  year={2018},
  publisher={Springer}
}
